% Encoding: UTF-8

@Book{Hibbeler2010,
  author    = {Hibbeler, R. C.},
  publisher = {Pearson Education do Brasil},
  title     = {Resistência dos materiais},
  year      = {2010},
  address   = {São Paulo (SP)},
  edition   = {7},
  isbn      = {9788576053736},
}

@Book{Norton2011,
  author    = {Norton, Robert},
  editor    = {4th},
  publisher = {Prentice Hall},
  title     = {Machine design : an integrated approach},
  year      = {2011},
  address   = {Boston},
  edition   = {4},
  isbn      = {9780136123705},
}

@Electronic{,
  author = {NEDIP-UFSC},
  month  = dec,
  title  = {Metodologia PRODIP},
  url    = {https://nedip.ufsc.br/sessao/modelo-prodip-1},
  year   = {2021},
}

@MastersThesis{Minela2017,
  author  = {Sthefani Neves Minela},
  school  = {UFSC},
  title   = {EXTENSOMETRIA: ESTUDO E APLICAÇÃO},
  year    = {2017},
  address = {Joinville},
}

@Book{Doebelin1983,
  author    = {Doebelin, Ernest O.},
  publisher = {McGraw- Hill},
  title     = {Measurement system: Application and design.},
  year      = {1983},
  address   = {Ohio},
  edition   = {3},
}

@Book{Philip1994,
  author    = {Jack Philip},
  publisher = {Mcgraw - Hill},
  title     = {Experimental methods for engineers.},
  year      = {1994},
  edition   = {6},
}

@Comment{jabref-meta: databaseType:bibtex;}
